@book{pmbok2017,
  title={A Guide to the Project Management Body of Knowledge (PMBOK Guide)},
  author={{Project Management Institute}},
  edition={6th},
  year={2017},
  publisher={Project Management Institute}
}

@misc{agilemanifesto2001,
  title={Manifesto for Agile Software Development},
  author={Beck, Kent and others},
  year={2001},
  url={https://agilemanifesto.org/}
}

@misc{scrumguide2020,
  title={The Scrum Guide: The Definitive Guide to Scrum: The Rules of the Game},
  author={Schwaber, Ken and Sutherland, Jeff},
  year={2020},
  url={https://scrumguides.org/}
}

@inproceedings{royce1970,
  title={Managing the development of large software systems},
  author={Royce, Winston W.},
  booktitle={Proceedings of IEEE WESCON},
  volume={26},
  pages={1--9},
  year={1970}
}

@book{hazzan2006,
  title={Agile Software Engineering},
  author={Hazzan, Orit and Dubinsky, Yael},
  year={2006},
  publisher={Springer-Verlag}
}

@article{williams2005,
  title={Strengthening the case for pair programming},
  author={Williams, Laurie and others},
  journal={IEEE Software},
  volume={17},
  number={4},
  pages={19--25},
  year={2005}
}

@inproceedings{gotel1994,
  title={An analysis of the requirements traceability problem},
  author={Gotel, Orlena and Finkelstein, Anthony},
  booktitle={Proceedings of the First International Conference on Requirements Engineering},
  pages={94--101},
  year={1994}
}

@article{ramesh2001,
  title={Toward reference models for requirements traceability},
  author={Ramesh, Balasubramaniam and others},
  journal={IEEE Transactions on Software Engineering},
  volume={27},
  number={1},
  pages={58--93},
  year={2001}
}

@article{boehm1988,
  title={A spiral model of software development and enhancement},
  author={Boehm, Barry W.},
  journal={Computer},
  volume={21},
  number={5},
  pages={61--72},
  year={1988}
}

@book{sommerville2015,
  title={Software Engineering},
  author={Sommerville, Ian},
  edition={10th},
  year={2015},
  publisher={Pearson}
}

@book{pressman2019,
  title={Software Engineering: A Practitioner's Approach},
  author={Pressman, Roger S. and Maxim, Bruce R.},
  edition={9th},
  year={2019},
  publisher={McGraw-Hill Education}
}

@book{fowler2018,
  title={Refactoring: Improving the Design of Existing Code},
  author={Fowler, Martin},
  edition={2nd},
  year={2018},
  publisher={Addison-Wesley Professional}
}

@book{gamma1994,
  title={Design Patterns: Elements of Reusable Object-Oriented Software},
  author={Gamma, Erich and others},
  year={1994},
  publisher={Addison-Wesley Professional}
}

@book{hunt1999,
  title={The Pragmatic Programmer: From Journeyman to Master},
  author={Hunt, Andrew and Thomas, David},
  year={1999},
  publisher={Addison-Wesley Professional}
}

@book{kniberg2015,
  title={Scrum and XP from the Trenches},
  author={Kniberg, Henrik},
  edition={2nd},
  year={2015},
  publisher={InfoQ}
}