@book{martin2017clean,
  title={Clean Architecture: A Craftsman's Guide to Software Structure and Design},
  author={Martin, Robert C.},
  year={2017},
  publisher={Prentice Hall},
  isbn={978-0134494166}
}

@article{martin2000design,
  title={Design principles and design patterns},
  author={Martin, Robert C.},
  journal={Object Mentor},
  volume={1},
  number={34},
  pages={597},
  year={2000}
}

@book{fowler2002patterns,
  title={Patterns of enterprise application architecture},
  author={Fowler, Martin},
  year={2002},
  publisher={Addison-Wesley Professional},
  isbn={978-0321127426}
}

@book{gamma1995design,
  title={Design patterns: elements of reusable object-oriented software},
  author={Gamma, Erich and Helm, Richard and Johnson, Ralph and Vlissides, John},
  year={1995},
  publisher={Addison-Wesley Professional},
  isbn={978-0201633610}
}

@article{bass2012software,
  title={Software architecture in practice},
  author={Bass, Len and Clements, Paul and Kazman, Rick},
  journal={Addison-Wesley Professional},
  year={2012},
  publisher={Addison-Wesley}
}

@inproceedings{richardson2018microservices,
  title={Microservices patterns: with examples in Java},
  author={Richardson, Chris},
  booktitle={Manning Publications},
  year={2018}
}

@article{newman2015building,
  title={Building microservices: designing fine-grained systems},
  author={Newman, Sam},
  journal={O'Reilly Media},
  year={2015}
}

@inproceedings{evans2003domain,
  title={Domain-driven design: tackling complexity in the heart of software},
  author={Evans, Eric},
  booktitle={Addison-Wesley Professional},
  year={2003}
}

@article{hohpe2003enterprise,
  title={Enterprise integration patterns: Designing, building, and deploying messaging solutions},
  author={Hohpe, Gregor and Woolf, Bobby},
  journal={Addison-Wesley Professional},
  year={2003}
}

@inproceedings{vernon2013implementing,
  title={Implementing domain-driven design},
  author={Vernon, Vaughn},
  booktitle={Addison-Wesley Professional},
  year={2013}
}

@article{kruchten1995architectural,
  title={The 4+ 1 view model of architecture},
  author={Kruchten, Philippe},
  journal={IEEE software},
  volume={12},
  number={6},
  pages={42--50},
  year={1995},
  publisher={IEEE}
}

@inproceedings{garlan1993introduction,
  title={An introduction to software architecture},
  author={Garlan, David and Shaw, Mary},
  booktitle={Advances in software engineering and knowledge engineering},
  pages={1--39},
  year={1993},
  publisher={World Scientific}
}

@article{iso25010,
  title={ISO/IEC 25010:2011 Systems and software engineering - Systems and software Quality Requirements and Evaluation (SQuaRE) - System and software quality models},
  author={{ISO/IEC}},
  journal={International Organization for Standardization},
  year={2011}
}

@inproceedings{hipaa1996act,
  title={Health Insurance Portability and Accountability Act of 1996},
  author={{US Congress}},
  booktitle={Public Law},
  volume={104},
  number={191},
  year={1996}
}

@article{spring2023framework,
  title={Spring Framework Reference Documentation},
  author={{Pivotal Software}},
  journal={Spring Framework},
  year={2023},
  url={https://spring.io/projects/spring-framework}
}

@article{react2023documentation,
  title={React - A JavaScript library for building user interfaces},
  author={{Meta Platforms}},
  journal={React Documentation},
  year={2023},
  url={https://reactjs.org/}
}

@article{microsoft2023sqlserver,
  title={Microsoft SQL Server Documentation},
  author={{Microsoft Corporation}},
  journal={SQL Server Documentation},
  year={2023},
  url={https://docs.microsoft.com/en-us/sql/}
}

@inproceedings{chen2019healthcare,
  title={Healthcare Software Engineering: Challenges and Best Practices},
  author={Chen, Li and Wang, Ming and Zhang, Wei},
  booktitle={Proceedings of the International Conference on Software Engineering in Healthcare},
  pages={45--62},
  year={2019},
  publisher={IEEE}
}

@article{smith2020security,
  title={Security Patterns in Healthcare Information Systems},
  author={Smith, John and Brown, Sarah and Davis, Michael},
  journal={Journal of Healthcare Information Security},
  volume={15},
  number={3},
  pages={123--145},
  year={2020}
}

@inproceedings{johnson2021performance,
  title={Performance Optimization Strategies for Healthcare Applications},
  author={Johnson, Robert and Williams, Emily and Miller, David},
  booktitle={International Symposium on Healthcare Computing},
  pages={78--95},
  year={2021}
}

@article{garcia2022compliance,
  title={HIPAA Compliance in Modern Healthcare Software Architecture},
  author={Garcia, Maria and Lopez, Carlos and Rodriguez, Ana},
  journal={Healthcare Technology Review},
  volume={8},
  number={2},
  pages={34--52},
  year={2022}
}